% Strings
@string{a = "Automatica"}
@string{aiche = "AIChE Journal"}
@string{c = "Chaos"}
@string{ca = "Controle \& Automa\c{c}\~ao"}
@string{ces = "Chemical Engineering Science"}
@string{cep = "Control Engineering Practice"}
@string{eaai = "Engineering Applications of Artificial Intelligence"}
@string{ieed = "IEE Proceedigs Pt. D"}
@string{ieeeac = "IEEE Trans. Automat. Contr."}
@string{ieeecas1 = "IEEE Trans. Circuits Syst. I"}
@string{ieeecasi = "IEEE Trans. Circuits Syst. I"}
@string{ieeenn = "IEEE Trans. Neural Netw."}
@string{ieeesmc = "IEEE Trans. Syst. Man Cyber."}
@string{ieeesmcb = "IEEE Trans. Syst. Man Cyber. B"}
@string{ieeepe = "IEEE Trans. Power Electron."}
@string{ieeeed = "IEEE Trans. Education"}
@string{ieeep = "IEEE Proceedings"}
@string{iecr = "Ind. Eng. Chem. Res."}
@string{ijc = "Int. J. Control"}
@string{ijss = "Int. J. Systems Sci."}
@string{ijbc = "Int. J. Bifurcation and Chaos"}
@string{ijacsp = "Int. J. of Adaptative Control and Signal Processing"}
@string{ijprai = "Int. J. of Pattern Recognition and Artificial Intelligence"}
@string{jfi = "J. Franklin Inst."}
@string{jse = "J. Syst. Eng."}
@string{jpc = "J. Process Control"}
@string{jsv = "J. Sound Vibr."}
@string{nn = "Neural Networks"}
@string{ncm = "Neurocomputing"}
@string{pd = "Physica D"}
@string{pra = "Phys. Rev. A"}
@string{pre = "Phys. Rev. E"}


% Preamble

% BibTeX Entries
@article{ablow1965,
 author               = {Ablow, C. and Kaylor, D.},
 doi                  = {10.1109/TIT.1965.1053785},
 issn                 = {0018-9448},
 journal              = {Information Theory, IEEE Transactions on},
 keywords             = {Pattern classification;},
 number               = {3},
 pages                = {453 - 455},
 title                = {A committee solution of the pattern recognition problem (Corresp.)},
 volume               = {11},
 year                 = {1965},
 }

@inproceedings{abreu2012,
 address              = {Campina Grande, PB},
 author               = {Leandro Freitas Abreu and Bruno Henrique Groenner Barbosa and Alex Furtado Teixeira and Luis A. Aguirre},
 booktitle            = {CBA 2012},
 days                 = {2-6},
 keywords             = {Modelagem e Identificação de Sistemas},
 pages                = {1719-1726},
 title                = {Uso de informação auxiliar no treinamento de redes neurais: um procedimento bi-objetivo},
 year                 = {2012},
 }

@article{agu_eal/04,
 author               = {Aguirre, Luis A. and Lopes, R. A. M. and Amaral, G. F. V. and Letellier, C.},
 journal              = pre,
 number               = {026701},
 title                = {Constraining the topology of neural networks to ensure dynamics with symmetry properties},
 volume               = {69},
 year                 = {2004},
 }

@article{agu_eal/98,
 author               = {Aguirre, Luis A. and Rodrigues, G. G. and Jacome, C. R. F.},
 journal              = ca,
 number               = {2},
 pages                = {90--106},
 title                = {Identificação de sistemas não lineares utilizando modelos NARMAX polinomiais --- uma revisão e novos resultados},
 volume               = {9},
 year                 = {1998},
 }

@article{aguirre2007,
 author               = {Luis A. Aguirre and Gladstone Barbosa Alves and Marcelo Vieira Corrêa},
 doi                  = {10.1016/j.engappai.2006.11.021},
 issn                 = {0952-1976},
 journal              = {Engineering Applications of Artificial Intelligence},
 keywords             = {Model building},
 number               = {7},
 pages                = {924 - 935},
 title                = {Steady-state performance constraints for dynamical models based on RBF networks},
 volume               = {20},
 year                 = {2007},
 }

@book{aguirre2007livro,
 author               = {Luis A. Aguirre},
 edition              = {3},
 isbn                 = {978-85-7041-584-4},
 journal              = {Periódico Desconhecido},
 publisher            = {Editora UFMG},
 school               = {Universidade Federal de Minas Gerais},
 title                = {Introdução à Identificação de Sistemas -- Técnicas Lineares e Não-Lineares Aplicadas a Sistemas Reais},
 year                 = {2007},
 }

@article{Aguirre2010sepe,
 author               = {Luis A. Aguirre and Bruno H.G. Barbosa and Antônio P. Braga},
 doi                  = {10.1016/j.ymssp.2010.05.003},
 issn                 = {0888-3270},
 journal              = {Mechanical Systems and Signal Processing},
 number               = {8},
 pages                = {2855 - 2867},
 title                = {Prediction and simulation errors in parameter estimation for nonlinear systems},
 volume               = {24},
 year                 = {2010},
 }

@book{ama/01p,
 address              = {Belo Horizonte, Brasil},
 author               = {Amaral, G. F. V.},
 publisher            = {Dissertação de Mestrado, PPGEE, Universidade Federal de Minas Gerais},
 title                = {Uso de Conhecimento A Priori e Redes Neurais na Identificação de Sistemas Dinâmicos Não-Lineares},
 year                 = {2001},
 }

@misc{araujo2003,
 author               = {Araújo, G. C. S.},
 journal              = {Periódico Desconhecido},
 school               = {UFMG},
 title                = {Instrumentação de uma plataforma de bombeamento para ensaios de máquinas hidráulicas},
 type                 = {Monografia de Final de Curso em Engenharia Mecânica},
 year                 = {2003},
 }

@misc{araujo2012,
 author               = {Kim Cândido Pereira Araújo},
 journal              = {Periódico Desconhecido},
 school               = {UFMG},
 title                = {Desenvolvimento de uma Ferramenta para Identificação de Sinais Correlacionados: Aplicação em Dados Provenientes de uma Plataforma de Petróleo},
 type                 = {Projeto de Final de Curso},
 year                 = {2012},
 }

@inproceedings{avizienis1984,
 acmid                = {1499331},
 address              = {New York, NY, USA},
 author               = {Avizienis, Algirdas},
 booktitle            = {Proceedings of the July 9-12, 1984, national computer conference and exposition},
 doi                  = {10.1145/1499310.1499331},
 isbn                 = {0-88283-043-0},
 numpages             = {9},
 pages                = {163--171},
 publisher            = {ACM},
 series               = {AFIPS '84},
 title                = {Design diversity: an approach to fault tolerance of design faults},
 year                 = {1984},
 }

@inproceedings{baffes1992,
 author               = {Paul T. Baffes and John M. Zelle},
 booktitle            = {Proceedings of 1992 IEEE/INNS International Joint Conference on Neural Networks---Baltimore},
 pages                = {392--397},
 title                = {Growing layers of perceptrons: introducing the extentron algorithm},
 year                 = {1992},
 }

@article{bar_eal/07,
 author               = {Barroso, M. S. F. and Takahashi, R. H. C. and Aguirre, Luis A.},
 journal              = jpc,
 number               = {4},
 pages                = {321-332},
 title                = {Multi-objective parameter estimation via minimal correlation criterion},
 volume               = {17},
 year                 = {2007},
 }

@mastersthesis{barbosa2006,
 author               = {Bruno Henrique Groenner Barbosa},
 journal              = {Periódico Desconhecido},
 school               = {Programa de Pós-graduação em Engenharia Elétrica da UFMG},
 title                = {Instrumentação, Modelagem, Controle e Supervisão de um Sistema de Bombeamento de Água e Módulo Turbina-Gerador},
 year                 = {2006},
 }

@book{barbosa2009,
 address              = {Belo Horizonte, Brasil},
 author               = {Barbosa, B. H. G},
 publisher            = {Tese de doutorado, PPGEE, Universidade Federal de Minas Gerais},
 title                = {Computação Evolucionária e Máquinas de Comitê Na Identificação de Sistemas Não-lineares},
 year                 = {2009},
 }

@article{barbosa2011,
 author               = {Barbosa, B. H. G. and Aguirre, Luis A. and Martinez, C. B. and Braga, A. P.},
 doi                  = {10.1109/TCST.2010.2042600},
 issn                 = {1063-6536},
 journal              = {Control Systems Technology, IEEE Transactions on},
 number               = {2},
 pages                = {398 -406},
 title                = {Black and gray-box identification of a hydraulic pumping system},
 volume               = {19},
 year                 = {2011},
 }

@article{barroso2004,
 author               = {Aguirre, Luis A. and Barroso, M. F. S. and Saldanha, R. R. and Mendes, E. M. A. M.},
 doi                  = {10.1049/ip-cta:20040102},
 issn                 = {1350-2379},
 journal              = {Control Theory and Applications, IEE Proceedings -},
 number               = {2},
 pages                = {174 - 179},
 title                = {Imposing steady-state performance on identified nonlinear polynomial models by means of constrained parameter estimation},
 volume               = {151},
 year                 = {2004},
 }

@article{bartlett1994,
 author               = {Eric B. Bartlett},
 doi                  = {10.1016/0893-6080(94)90061-2},
 issn                 = {0893-6080},
 journal              = {Neural Networks},
 keywords             = {Supervised learning},
 number               = {1},
 pages                = {129 - 140},
 title                = {Dynamic node architecture learning: An information theoretic approach},
 volume               = {7},
 year                 = {1994},
 }

@article{bates1969,
 author               = {Bates, J. M. and Granger, C. W. J.},
 citeulike-article-id = {6952078},
 citeulike-linkout-0  = {http://dx.doi.org/10.2307/3008764},
 citeulike-linkout-1  = {http://www.jstor.org/stable/3008764},
 doi                  = {10.2307/3008764},
 issn                 = {14732858},
 journal              = {OR},
 number               = {4},
 pages                = {451--468},
 posted-at            = {2012-03-06 13:27:33},
 priority             = {2},
 publisher            = {Operational Research Society},
 title                = {{The combination of forecasts}},
 volume               = {20},
 year                 = {1969},
 }

@article{beverage1931,
 author               = {Beverage, H. H. and Peterson, H. O.},
 doi                  = {10.1109/JRPROC.1931.222362},
 issn                 = {0731-5996},
 journal              = {Proceedings of the Institute of Radio Engineers},
 number               = {4},
 pages                = {529 - 561},
 title                = {Diversity receiving system of R.C.A. communications, Inc., for radiotelegraphy},
 volume               = {19},
 year                 = {1931},
 }

@book{bohlin1991,
 author               = {Bohlin, T.},
 isbn                 = {9783540536369},
 lccn                 = {lc91011796},
 publisher            = {Springer-Verlag},
 series               = {Communications and control engineering series},
 title                = {Interactive system identification: prospects and pitfalls},
 year                 = {1991},
 }

@article{bravo2009,
 author               = {Bravo, Claudio O. Ayala AND Normey-Rico, Julio E.},
 issn                 = {0103-1759},
 journal              = {Sba: Controle \& Automação Sociedade Brasileira de Automatica},
 language             = {en},
 pages                = {465 - 481},
 publisher            = {scielo},
 title                = {Controle de plantas não lineares utilizando controle preditivo linear baseado em modelos locais},
 volume               = {20},
 year                 = {2009},
 }

@article{brennan1959,
 author               = {Brennan, D.},
 citeulike-article-id = {9352949},
 citeulike-linkout-0  = {http://dx.doi.org/10.1109/JRPROC.1959.287136},
 citeulike-linkout-1  = {http://ieeexplore.ieee.org/xpls/abs_all.jsp?arnumber=4065786},
 doi                  = {10.1109/JRPROC.1959.287136},
 issn                 = {0096-8390},
 journal              = {Proceedings of the IRE},
 keywords             = {antenna\_selection, large\_array},
 number               = {6},
 pages                = {1075--1102},
 posted-at            = {2011-06-01 08:08:52},
 priority             = {3},
 title                = {{Linear diversity combining techniques}},
 volume               = {47},
 year                 = {1959},
 }

@article{brown2004,
 author               = {G. Brown and J. Wyatt and R. Harris and X. Yao},
 journal              = {Journal of Information Fusion},
 number               = {1},
 pages                = {5--20},
 title                = {Diversity creation methods: a survey and categorisation},
 volume               = {6},
 year                 = {2005},
 }

@phdthesis{brown2004tese,
 author               = {Brown, Gavin},
 citeulike-article-id = {7102159},
 keywords             = {bct},
 location             = {Birmingham},
 posted-at            = {2010-04-29 15:44:24},
 priority             = {2},
 school               = {School of Computer Science, The University of Birmingham},
 title                = {{Diversity in neural network ensembles}},
 year                 = {2004},
 }

@article{brown2005,
 acmid                = {1194899},
 author               = {Brown, Gavin and Wyatt, Jeremy L. and Ti\v{n}o, Peter},
 issn                 = {1532-4435},
 issue_date           = {12/1/2005},
 journal              = {J. Mach. Learn. Res.},
 numpages             = {30},
 pages                = {1621--1650},
 publisher            = {JMLR.org},
 title                = {Managing diversity in regression ensembles},
 volume               = {6},
 year                 = {2005},
 }

@article{buell1958,
 address              = {{45 BEACON ST, BOSTON, MA 02108-3693}},
 author               = {Buell, C. E.},
 doc-delivery-number  = {{WS371}},
 journal              = {Journal of Meteorology},
 language             = {{English}},
 number               = {{6}},
 number-of-cited-refe = {{1}},
 pages                = {{564-565}},
 publisher            = {{AMER METEOROLOGICAL SOC}},
 subject-category     = {{Meteorology \& Atmospheric Sciences}},
 times-cited          = {{3}},
 title                = {Meaning of combined climate and persistence forecasts},
 type                 = {{Note}},
 unique-id            = {{ISI:A1958WS37100014}},
 volume               = {{15}},
 web-of-science-categ = {{Meteorology \& Atmospheric Sciences}},
 year                 = {1958},
 }

@article{bunn1985,
 author               = {Derek W. Bunn},
 doi                  = {10.1016/0169-2070(85)90020-2},
 issn                 = {0169-2070},
 journal              = {International Journal of Forecasting},
 keywords             = {Simulation},
 number               = {2},
 pages                = {151 - 163},
 title                = {Statistical efficiency in the linear combination of forecasts},
 volume               = {1},
 year                 = {1985},
 }

@misc{caixeiro2003,
 author               = {Caixeiro, L. F. A.},
 journal              = {Periódico Desconhecido},
 school               = {UFMG},
 title                = {Análise, pré-projeto, projeto e re-projeto e Orçamento de uma plataforma de Bombeamento},
 type                 = {Monografia de Final de Curso em Engenharia Mecânica},
 year                 = {2003},
 }

@article{canuto2007,
 acmid                = {1223539},
 address              = {New York, NY, USA},
 author               = {Canuto, Anne M. P. and Abreu, Marjory C. C. and de Melo Oliveira, Lucas and Xavier,Jr., Jo\~{a}o C. and Santos, Araken de M.},
 doi                  = {10.1016/j.patrec.2006.09.001},
 issn                 = {0167-8655},
 issue_date           = {March, 2007},
 journal              = {Pattern Recogn. Lett.},
 keywords             = {Classifier ensembles, Diversity measures, Fusion-based combination methods, Selection-based combination methods},
 number               = {4},
 numpages             = {15},
 pages                = {472--486},
 publisher            = {Elsevier Science Inc.},
 title                = {Investigating the influence of the choice of the ensemble members in accuracy and diversity of selection-based and fusion-based methods for ensembles},
 volume               = {28},
 year                 = {2007},
 }

@misc{castro2013,
 author               = {Walace Silva Castro},
 journal              = {Periódico Desconhecido},
 school               = {UFMG},
 title                = {Estimação recursiva da pressão de fundo de poço para extração de petróleo em águas profundas},
 type                 = {Projeto de Final de Curso},
 year                 = {2013},
 }

@article{che_eal/08,
 author               = {Chen, S. and Wolfgang, A. and Harris, C. J. and Hanzo, L.},
 journal              = ieeenn,
 number               = {5},
 pages                = {737--745},
 title                = {Symmetric {RBF} classifier for nonlinear detection inmultiple-antenna-aided systems},
 volume               = {19},
 year                 = {2008},
 }

@article{chen1990,
 author               = {Chen, S. and Billings, S. A. and Grant, P. M.},
 doi                  = {10.1080/00207179008934126},
 eprint               = {http://www.tandfonline.com/doi/pdf/10.1080/00207179008934126},
 journal              = {International Journal of Control},
 number               = {6},
 pages                = {1191-1214},
 title                = {Non-linear system identification using neural networks},
 volume               = {51},
 year                 = {1990},
 }

@article{clemen1989,
 author               = {Clemen, Robert T.},
 journal              = {International Journal of Forecasting},
 number               = {4},
 pages                = {559-583},
 title                = {Combining forecasts: a review and annotated bibliography},
 volume               = {5},
 year                 = {1989},
 }

@article{con_eal/07,
 author               = {Connally, P. and Li, K. and Irwing, G. W.},
 journal              = ncm,
 pages                = {819--827},
 title                = {Prediction- and simulation-error based perceptron training: {S}olution space analysis and a novel combined training scheme},
 volume               = {70},
 year                 = {2007},
 }

@article{cor_eal/02,
 author               = {Corrêa, Marcelo V. and Aguirre, Luis A. and Saldanha, R. R.},
 journal              = ieeecasi,
 number               = {9},
 pages                = {1376--1381},
 title                = {Using prior knowledge to constrain parameter estimates in nonlinear system identification},
 volume               = {49},
 year                 = {2002},
 }

@article{correa2000,
 author               = {Corrêa, Marcelo V. and Aguirre, Luis A. and Mendes, Eduardo M. A. M.},
 issn                 = {02181274},
 journal              = {International Journal of Bifurcation \& Chaos in Applied Sciences \& Engineering},
 keywords             = {DISCRETE-time systems, POLYNOMIALS},
 number               = {5},
 pages                = {1019},
 title                = {Modeling chaotic dynamics with discrete nonlinear rational models.},
 volume               = {10},
 year                 = {2000},
 }

@phdthesis{correa2001,
 author               = {Marcelo Vieira Corrêa},
 journal              = {Periódico Desconhecido},
 school               = {UFMG},
 title                = {Identificação Caixa-Cinza de Sistemas Não-Lineares Utilizando Representações NARMAX Racionais e Polinomiais},
 year                 = {2001},
 }

@article{croll1995,
 author               = {P. R. Croll and A. J. C. Sharkey and J. M. Bass and N. E. Sharkey and P. J. Fleming},
 doi                  = {10.1016/0952-1976(95)00044-5},
 issn                 = {0952-1976},
 journal              = {Engineering Applications of Artificial Intelligence},
 number               = {6},
 pages                = {615 - 623},
 title                = {Dependable, intelligent voting for real-time control software},
 volume               = {8},
 year                 = {1995},
 }

@article{cubillos1996,
 author               = {Cubillos, F. A. and Alvarez, P. I. and Pinto, J. C. and Lima, E. L.},
 doi                  = {10.1016/0032-5910(95)03083-2},
 journal              = {Powder Technology},
 number               = {2},
 pages                = {153-160},
 title                = {Hybrid-neural modeling for particulate solid drying processes},
 volume               = {87},
 year                 = {1996},
 }

@article{cybenko1989,
 author               = {Cybenko, G.},
 doi                  = {10.1007/BF02551274},
 issn                 = {0932-4194},
 issue                = {4},
 journal              = {Mathematics of Control, Signals and Systems},
 keywords             = {Neural networks; Approximation; Completeness},
 language             = {English},
 pages                = {303-314},
 publisher            = {Springer-Verlag},
 title                = {Approximation by superpositions of a sigmoidal function},
 volume               = {2},
 year                 = {1989},
 }

@proceedings{DBLP:conf/nips/1995,
 bibsource            = {DBLP, http://dblp.uni-trier.de},
 booktitle            = {NIPS},
 editor               = {David S. Touretzky and Michael Mozer and Michael E. Hasselmo},
 isbn                 = {0-262-20107-0},
 publisher            = {MIT Press},
 title                = {Advances in neural information processing systems 8, NIPS, Denver, CO, November 27-30, 1995},
 }

@article{drucker1994,
 acmid                = {1362303},
 address              = {Cambridge, MA, USA},
 author               = {Drucker, Harris and Cortes, Corinna and Jackel, L. D. and LeCun, Yann and Vapnik, Vladimir},
 doi                  = {10.1162/neco.1994.6.6.1289},
 issn                 = {0899-7667},
 issue_date           = {November 1994},
 journal              = {Neural Comput.},
 number               = {6},
 numpages             = {13},
 pages                = {1289--1301},
 publisher            = {MIT Press},
 title                = {Boosting and other ensemble methods},
 volume               = {6},
 year                 = {1994},
 }

@misc{duarte2004,
 author               = {Duarte, E. A. C.},
 journal              = {Periódico Desconhecido},
 school               = {UFMG},
 title                = {Projeto e Construção dos Componentes de Uma Turbina Hidráulica do Tipo Francis},
 type                 = {Monografia de Final de Curso em Engenharia Mecânica},
 year                 = {2004},
 }

@inproceedings{dutta2009,
 added-at             = {2010-07-21T16:00:16.000+0200},
 author               = {Dutta, Haimonti},
 booktitle            = {IICAI},
 crossref             = {conf/iicai/2009},
 editor               = {Prasad, Bhanu and Lingras, Pawan and Ram, Ashwin},
 interhash            = {bf3db58f98ca2c240049b882c0f2ec7a},
 intrahash            = {502a49bc9e414686c7c0b0bcca9a1c8b},
 isbn                 = {978-0-9727412-7-9},
 keywords             = {dblp},
 pages                = {2220-2236},
 publisher            = {IICAI},
 timestamp            = {2010-07-21T16:00:16.000+0200},
 title                = {Measuring diversity in regression ensembles.},
 year                 = {2009},
 }

@article{esk_eal/93,
 author               = {Eskinat, E. and Johnson, S. H. and Luyben, W. L.},
 journal              = iecr,
 pages                = {1981--1992},
 title                = {Use of auxiliary information in system identification},
 volume               = {32},
 year                 = {1993},
 }

@inproceedings{fahlman1990,
 author               = {Scott E. Fahlman and Christian Lebiere},
 booktitle            = {Advances in Neural Information Processing Systems 2},
 pages                = {524--532},
 publisher            = {Morgan Kaufmann},
 title                = {The cascade-correlation learning architecture},
 year                 = {1990},
 }

@article{freund1997,
 author               = {Yoav Freund and Robert E Schapire},
 doi                  = {10.1006/jcss.1997.1504},
 issn                 = {0022-0000},
 journal              = {Journal of Computer and System Sciences},
 number               = {1},
 pages                = {119 - 139},
 title                = {A decision-theoretic generalization of on-Line learning and an application to boosting},
 volume               = {55},
 year                 = {1997},
 }

@book{garcia2005,
 author               = {Garcia, C.},
 isbn                 = {9788531409042},
 publisher            = {EDUSP},
 title                = {Modelagem e Simula{\c{c}}{\~a}o de Processos Industriais e de Sistemas Eletromec{\^a}nicos Vol. 1},
 year                 = {2005},
 }

@article{graybill1959,
 author               = {Graybill, Franklin A. and Deal, R. B.},
 copyright            = {Copyright © 1959 International Biometric Society},
 issn                 = {0006341X},
 journal              = {Biometrics},
 jstor_articletype    = {research-article},
 jstor_formatteddate  = {Dec., 1959},
 language             = {English},
 number               = {4},
 pages                = {pp. 543-550},
 publisher            = {International Biometric Society},
 title                = {Combining unbiased estimators},
 volume               = {15},
 year                 = {1959},
 }

@article{hansen1990,
 address              = {Los Alamitos, CA, USA},
 author               = {L. K. Hansen and P. Salamon},
 doi                  = {http://doi.ieeecomputersociety.org/10.1109/34.58871},
 issn                 = {0162-8828},
 journal              = {IEEE Transactions on Pattern Analysis and Machine Intelligence},
 pages                = {993-1001},
 publisher            = {IEEE Computer Society},
 title                = {Neural network ensembles},
 volume               = {12},
 year                 = {1990},
 }

@article{hashem1994,
 author               = {Sherif Hashem},
 journal              = {Neural Networks},
 number               = {4},
 pages                = {599--614},
 title                = {Optimal linear combinations of neural networks},
 volume               = {10},
 year                 = {1994},
 }

@article{hashem1995,
 author               = {Hashem, S. and Schmeiser, B.},
 doi                  = {10.1109/72.377990},
 issn                 = {1045-9227},
 journal              = {Neural Networks, IEEE Transactions on},
 keywords             = {closed-form expressions;mean squared error;model accuracy;optimal linear combinations;random inputs distribution;trained neural networks;approximation theory;minimisation;neural nets;statistical analysis;},
 number               = {3},
 pages                = {792 -794},
 title                = {Improving model accuracy using optimal linear combinations of trained neural networks},
 volume               = {6},
 year                 = {1995},
 }

@article{her_tul/93,
 author               = {Herbert, J. A. and Tulleken, A. F.},
 journal              = a,
 number               = {2},
 pages                = {285--308},
 title                = {Grey-box modeling and identification using physical knowledge and bayesian techniques},
 volume               = {29},
 year                 = {1993},
 }

@article{jansen2008,
 author               = {Jan-Dirk Jansen and Okko H. Bosgra and Paul M.J. Van den Hof},
 doi                  = {10.1016/j.jprocont.2008.06.011},
 issn                 = {0959-1524},
 journal              = {Journal of Process Control},
 keywords             = {Estimation},
 number               = {9},
 pages                = {846 - 855},
 title                = {Model-based control of multiphase flow in subsurface oil reservoirs},
 volume               = {18},
 year                 = {2008},
 }

@article{joerding1991,
 acmid                = {125318},
 address              = {Oxford, UK, UK},
 author               = {Joerding, Wayne H. and Meador, Jack L.},
 doi                  = {10.1016/0893-6080(91)90063-B},
 issn                 = {0893-6080},
 issue_date           = {1991},
 journal              = {Neural Netw.},
 number               = {6},
 numpages             = {10},
 pages                = {847--856},
 publisher            = {Elsevier Science Ltd.},
 title                = {Encoding a priori information in feedforward networks},
 volume               = {4},
 year                 = {1991},
 }

@article{joh/96,
 author               = {Johansen, T. A.},
 journal              = a,
 pages                = {337},
 title                = {Identification of non-linear systems using empirical data and prior knowledge - an optimzation approach},
 volume               = {32},
 year                 = {1996},
 }

@article{karplus1977,
 acmid                = {1102522},
 address              = {New York, NY, USA},
 author               = {Karplus, Walter J.},
 doi                  = {10.1145/1102505.1102522},
 issn                 = {0163-6103},
 issue_date           = {Fall-Winter 1977},
 journal              = {SIGSIM Simul. Dig.},
 number               = {1},
 numpages             = {7},
 pages                = {32--38},
 publisher            = {ACM},
 title                = {The spectrum of mathematical modeling and systems simulation},
 volume               = {9},
 year                 = {1977},
 }

@article{kerschen2006,
 author               = {Gaëtan Kerschen and Keith Worden and Alexander F. Vakakis and Jean-Claude Golinval},
 doi                  = {10.1016/j.ymssp.2005.04.008},
 issn                 = {0888-3270},
 journal              = {Mechanical Systems and Signal Processing},
 number               = {3},
 pages                = {505 - 592},
 title                = {Past, present and future of nonlinear system identification in structural dynamics},
 volume               = {20},
 year                 = {2006},
 }

@inproceedings{krogh1995,
 author               = {Anders Krogh and Jesper Vedelsby},
 booktitle            = {Advances in Neural Information Processing Systems},
 pages                = {231--238},
 publisher            = {MIT Press},
 title                = {Neural network ensembles, cross validation, and active learning},
 year                 = {1995},
 }

@inproceedings{kuncheva2001,
 author               = {L. I. Kuncheva and C. J. Whitaker},
 booktitle            = {In Proc. of IEE Workshop on Intelligent Sensor Processing},
 pages                = {1--10},
 title                = {Ten measures of diversity in classifier ensembles: limits for two classifiers},
 year                 = {2001},
 }

@phdthesis{lima2004,
 author               = {Clodoaldo Aparecido Moraes Lima},
 location             = {Campinas},
 school               = {Faculdade de Engenharia Elétrica e de Computação, Universidade Estadual de Campinas},
 title                = {{Comitê de Máquinas: Uma Abordagem Unificada Empregando Máquinas de Vetores-Suporte}},
 year                 = {2004},
 }

@misc{lima2012,
 author               = {Gustavo Garcia Lima},
 journal              = {Periódico Desconhecido},
 school               = {UFMG},
 title                = {Integração de Modelos Matemáticos ao Sistema BR-Optimus: Implementação de um Sensor Virtual de Pressão},
 type                 = {Projeto de Final de Curso},
 year                 = {2012},
 }

@article{liu1999,
 author               = {Yong Liu and Xin Yao},
 journal              = {Neural Networks},
 pages                = {1399--1404},
 title                = {ensemble learning via negative correlation},
 volume               = {12},
 year                 = {1999},
 }

@inproceedings{lofstrom2010,
 author               = {Löfström, T. and Johansson, U. and Boström, H.},
 booktitle            = {Neural Networks (IJCNN), The 2010 International Joint Conference on},
 doi                  = {10.1109/IJCNN.2010.5596763},
 issn                 = {1098-7576},
 keywords             = {artificial neural network;base classifier;diverse ensemble generation;straightforward technique;learning (artificial intelligence);neural nets;pattern classification;},
 pages                = {1 -6},
 title                = {Comparing methods for generating diverse ensembles of artificial neural networks},
 year                 = {2010},
 }

@inproceedings{melville2003,
 address              = {Acapulco, Mexico},
 author               = {Prem Melville and Raymond J. Mooney},
 booktitle            = {Proceedings of the Eighteenth International Joint Conference on Artificial Intelligence (IJCAI-2003)},
 pages                = {505-510},
 title                = {Constructing diverse classifier ensembles using artificial training examples},
 year                 = {2003},
 }

@article{mezard1989,
 abstract             = {The authors propose a new algorithm which builds a feedforward layered network in order to learn any Boolean function of N Boolean units. The number of layers and the number of hidden units in each layer are not prescribed in advance: they are outputs of the algorithm. It is an algorithm for growth of the network, which adds layers, and units inside a layer, at will until convergence. The convergence is guaranteed and numerical tests of this strategy look promising.},
 author               = {M Mezard and Jean-P Nadal},
 journal              = {Journal of Physics A: Mathematical and General},
 number               = {12},
 pages                = {2191},
 title                = {Learning in feedforward layered networks: the tiling algorithm},
 volume               = {22},
 year                 = {1989},
 }

@article{mirchev2012,
 author               = {Miroslav Mirchev and Gregory S. Duane and Wallace K. S. Tang and Ljupco Kocarev},
 doi                  = {10.1016/j.cnsns.2011.11.003},
 issn                 = {1007-5704},
 journal              = {Communications in Nonlinear Science and Numerical Simulation},
 keywords             = {Multi-model ensembles,Chaos,Coupled oscillators},
 number               = {7},
 pages                = {2741 - 2751},
 title                = {Improved modeling by coupling imperfect models},
 volume               = {17},
 year                 = {2012},
 }

@article{narendra1990,
 author               = {Narendra, K. S. and Parthasarathy, K.},
 doi                  = {10.1109/72.80202},
 issn                 = {1045-9227},
 journal              = {Neural Networks, IEEE Transactions on},
 keywords             = {Adaptive control;Artificial neural networks;Control systems;Linear systems;Multi-layer neural network;Neural networks;Nonlinear control systems;Nonlinear systems;Programmable control;Robust stability;adaptive control;identification;neural nets;nonlinear systems;adaptive control;backpropagation;identification;models;neural networks;nonlinear dynamical systems;},
 number               = {1},
 pages                = {4 -27},
 title                = {Identification and control of dynamical systems using neural networks},
 volume               = {1},
 year                 = {1990},
 }

@article{nep_eal/07,
 author               = {Nepomuceno, Erivelton G. and Takahashi, Ricardo H. C. and Aguirre, Luis A.},
 journal              = ijc,
 number               = {6},
 pages                = {863--871},
 title                = {Multiobjective parameter estimation: Affine information and least-squares formulation},
 volume               = {80},
 year                 = {2007},
 }

@article{nepomuceno2003,
 author               = {Nepomuceno, Erivelton G. and Takahashi, Ricardo H. C. and Amaral, Gleison F. V. and Aguirre, Luis A.},
 description          = {dblp},
 ee                   = {http://dx.doi.org/10.1142/S0218127403007187},
 journal              = {I. J. Bifurcation and Chaos},
 keywords             = {dblp},
 number               = {5},
 pages                = {1229-1246},
 title                = {Nonlinear identification using prior knowledge of fixed points: a multiobjective approach.},
 volume               = {13},
 year                 = {2003},
 }

@article{newbold1974,
 author               = {Newbold, P. and Granger, C. W. J.},
 copyright            = {Copyright © 1974 Royal Statistical Society},
 issn                 = {00359238},
 journal              = {Journal of the Royal Statistical Society. Series A (General)},
 jstor_articletype    = {research-article},
 jstor_formatteddate  = {1974},
 language             = {English},
 number               = {2},
 pages                = {pp. 131-165},
 publisher            = {Wiley-Blackwell for the Royal Statistical Society},
 title                = {Experience with forecasting univariate time series and the combination of forecasts},
 volume               = {137},
 year                 = {1974},
 }

@phdthesis{nguyen2006,
 author               = {Minh Ha Nguyen},
 journal              = {Periódico Desconhecido},
 school               = {School of Information Technology and Electrical Engineering},
 title                = {Cooperative coevolutionary mixture of experts a neuro ensemble approach for automatic decomposition of classification problems},
 year                 = {2006},
 }

@book{nilsson1965,
 author               = {Nilsson, N. J.},
 lccn                 = {64008621},
 publisher            = {McGraw-Hill},
 series               = {McGraw-Hill series in systems science},
 title                = {Learning machines: foundations of trainable pattern-classifying systems},
 year                 = {1965},
 }

@techreport{norgaard1997,
 author               = {Magnus Norgaard},
 institution          = {Technical University of Denmark},
 journal              = {Periódico Desconhecido},
 number               = {97-E-851},
 title                = {Neural network based system identification - TOOLBOX},
 year                 = {1997},
 }

@inproceedings{opitz1996,
 author               = {David W. Opitz and Jude W. Shavlik},
 booktitle            = {Advances in Neural Information Processing Systems},
 pages                = {535--541},
 publisher            = {MIT Press},
 title                = {Generating accurate and diverse members of a neural-network ensemble},
 year                 = {1996},
 }

@article{paliwal2009,
 author               = {Mukta Paliwal and Usha A. Kumar},
 doi                  = {10.1016/j.eswa.2007.10.005},
 issn                 = {0957-4174},
 journal              = {Expert Systems with Applications},
 keywords             = {Discriminant analysis},
 number               = {1},
 pages                = {2 - 17},
 title                = {Neural networks and statistical techniques: A review of applications},
 volume               = {36},
 year                 = {2009},
 }

@misc{pankiewicz2011,
 author               = {Leonardo Mauricio Alves Pankiewicz},
 journal              = {Periódico Desconhecido},
 school               = {UFMG},
 title                = {Análise de Sinais e Modelagem Matemática Aplicadas a Dados de Um Poço de Extração de Petróleo},
 type                 = {Projeto de Final de Curso},
 year                 = {2011},
 }

@article{pedrajas2003,
 author               = {Garcia-Pedrajas, N. and Hervas-Martinez, C. and Munoz-Perez, J.},
 issn                 = {1045-9227},
 journal              = {Neural Networks, IEEE Transactions on},
 keywords             = {COVNET; coevolving subnetworks; cooperative coevolutionary model; evolutionary computation; evolutionary programming; evolving artificial neural networks; genetic algorithms; genetic algorithms; neural nets;},
 number               = {3},
 pages                = {575 - 596},
 title                = {COVNET: a cooperative coevolutionary model for evolving artificial neural networks},
 volume               = {14},
 year                 = {2003},
 }

@phdthesis{perrone1993,
 author               = {Michael Peter Perrone},
 school               = {Department of Physics at Brown University},
 title                = {Improving regression estimation: averaging methods for variance reduction with extensions to general convex measure optimization},
 type                 = {Copy},
 year                 = {1993},
 }

@techreport{petrodocs,
 author               = {Alex Furtado Teixeira},
 institution          = {Petrobras},
 journal              = {Periódico Desconhecido},
 title                = {Metodologia para a Identificação de Modelos Matemáticos de Poços de Produção de Petróleo},
 type                 = {documentos de projeto},
 year                 = {2011},
 }

@techreport{planoTrab,
 author               = {Luis A. Aguirre},
 institution          = {Universidade Federal de Minas Gerais},
 journal              = {Periódico Desconhecido},
 title                = {Plano de Trabalho},
 year                 = {2011},
 }

@article{romaniuk1993,
 author               = {Steve G. Romaniuk and Lawrence O. Hall},
 doi                  = {10.1016/S0893-6080(09)80022-1},
 issn                 = {0893-6080},
 journal              = {Neural Networks},
 keywords             = {Feedforward},
 number               = {8},
 pages                = {1105 - 1116},
 title                = {Divide and conquer neural networks},
 volume               = {6},
 year                 = {1993},
 }

@article{rosen1996,
 author               = {Bruce Rosen},
 journal              = {Connection Science},
 pages                = {373--384},
 title                = {Ensemble learning using decorrelated neural networks},
 volume               = {8},
 year                 = {1996},
 }

@article{schapire1990,
 acmid                = {83645},
 address              = {Hingham, MA, USA},
 author               = {Schapire, Robert E.},
 doi                  = {10.1023/A:1022648800760},
 issn                 = {0885-6125},
 issue_date           = {Jun. 1990},
 journal              = {Mach. Learn.},
 keywords             = {Machine learning, PAC learning, learnability theory, learning from examples, polynomial-time identification},
 number               = {2},
 numpages             = {31},
 pages                = {197--227},
 publisher            = {Kluwer Academic Publishers},
 title                = {The strength of weak learnability},
 volume               = {5},
 year                 = {1990},
 }

@article{seshadri1966,
 author               = {Seshadri, V.},
 copyright            = {Copyright © 1966 Institute of Mathematical Statistics},
 issn                 = {00034851},
 journal              = {The Annals of Mathematical Statistics},
 jstor_articletype    = {research-article},
 jstor_formatteddate  = {Dec., 1966},
 language             = {English},
 number               = {6},
 pages                = {pp. 1832-1835},
 publisher            = {Institute of Mathematical Statistics},
 title                = {Comparison of combined estimators in balanced incomplete blocks},
 volume               = {37},
 year                 = {1966},
 }

@article{sharkey1996,
 author               = {Amanda J. C. Sharkey},
 journal              = {Connection Science},
 pages                = {299--313},
 title                = {On combining artificial neural nets},
 volume               = {8},
 year                 = {1996},
 }

@article{sharkey1997,
 acmid                = {976248},
 address              = {New York, NY, USA},
 author               = {Sharkey, Amanda J. C. and Sharkey, Noel E.},
 doi                  = {10.1017/S0269888997003123},
 issn                 = {0269-8889},
 issue_date           = {September 1997},
 journal              = {Knowl. Eng. Rev.},
 number               = {3},
 numpages             = {17},
 pages                = {231--247},
 publisher            = {Cambridge University Press},
 title                = {Combining diverse neural nets},
 volume               = {12},
 year                 = {1997},
 }

@book{sil_eal/10,
 address              = {São Paulo},
 author               = {I. N. Silva and D. H. Spatti and R. A. Flauzino},
 publisher            = {Artliber},
 title                = {Redes Neurais Artificiais para Engenharia e Ci\^encias Aplicadas},
 year                 = {2010},
 }

@inproceedings{sollich1995,
 author               = {Peter Sollich and Anders Krogh},
 bibsource            = {DBLP, http://dblp.uni-trier.de},
 booktitle            = {NIPS},
 ee                   = {http://nips.djvuzone.org/djvu/nips08/0190.djvu},
 pages                = {190-196},
 title                = {Learning with ensembles: How overfitting can be useful},
 year                 = {1995},
 }

@booklet{takahashi2007,
 author               = {Ricardo H. C. Takahashi},
 journal              = {Periódico Desconhecido},
 title                = {Otimização Escalar e Vetorial},
 type                 = {Notas de Aula},
 url                  = {http://www.mat.ufmg.br/~taka/Download/OTEV-Vol3.pdf},
 volume               = {3},
 year                 = {2007},
 }

@article{tei_eal/00,
 author               = {Teixeira, R. A. and Braga, A. P. and Takahashi, R. C. H. and Saldanha, R. R.},
 journal              = ncm,
 pages                = {189--194},
 title                = {Improving generalization of {MLP}s with multi-objective optimization},
 volume               = {35},
 year                 = {2000},
 }

@inproceedings{teixeira2012,
 author               = {Bruno O. S. Teixeira and Alex F. Teixeira and Luis A. Aguirre and Lucas P. Gomes and Bruno Henrique Groenner Barbosa},
 booktitle            = {16th IFAC Symposium on System Identification},
 doi                  = {10.3182/20120711-3-BE-2027.00091},
 journal              = {Periódico Desconhecido},
 location             = {Square - Brussels Meeting Centre, Belgium},
 pages                = {918--923},
 title                = {UKF-based data-driven soft sensing: a case study of a gas-lifted oil well},
 volume               = {16 Part 1},
 year                 = {2012},
 }

@book{thomas2004,
 author               = {Thomas, J. E.},
 isbn                 = {9788571930995},
 publisher            = {Interciencia},
 title                = {Fundamentos de Engenharia de Petróleo},
 year                 = {2004},
 }

@article{thompson1994,
 address              = {Dept. of Chemical Engineering Massachusetts Institute of Technology Cambridge MA 02139},
 author               = {Thompson, Michael L. and Kramer, Mark A.},
 citeulike-article-id = {1132798},
 citeulike-linkout-0  = {http://dx.doi.org/10.1002/aic.690400806},
 citeulike-linkout-1  = {http://www3.interscience.wiley.com/cgi-bin/abstract/109063736/ABSTRACT},
 doi                  = {10.1002/aic.690400806},
 journal              = {AIChE J.},
 keywords             = {first, principle},
 number               = {8},
 pages                = {1328--1340},
 posted-at            = {2011-08-17 03:13:10},
 priority             = {2},
 publisher            = {American Institute of Chemical Engineers},
 title                = {{Modeling chemical processes using prior knowledge and neural networks}},
 volume               = {40},
 year                 = {1994},
 }

@article{tulleken1993,
 acmid                = {154737},
 address              = {Tarrytown, NY, USA},
 author               = {Tulleken, Herbert J. A. F.},
 doi                  = {10.1016/0005-1098(93)90124-C},
 issn                 = {0005-1098},
 issue_date           = {March 1993},
 journal              = {Automatica},
 keywords             = {Bayes methods, inequality-constrained identification, process industry},
 number               = {2},
 numpages             = {24},
 pages                = {285--308},
 publisher            = {Pergamon Press, Inc.},
 title                = {Grey-box modelling and identification using physical knowledge and Bayesian techniques},
 volume               = {29},
 year                 = {1993},
 }

@inproceedings{ueda1996,
 author               = {Ueda, N. and Nakano, R.},
 booktitle            = {Neural Networks, 1996., IEEE International Conference on},
 doi                  = {10.1109/ICNN.1996.548872},
 pages                = {90 -95 vol.1},
 title                = {Generalization error of ensemble estimators},
 volume               = {1},
 year                 = {1996},
 }

@mastersthesis{villela2005,
 author               = {Marcos José Rei Villela},
 journal              = {Periódico Desconhecido},
 school               = {Pontifícia Universidade Católica do Rio de Janeiro - PUC-Rio},
 title                = {Análise do Comportamento da Temperatura em Sistemas de Produção de Petróleo: Comparação Entre Completação Seca e Molhada},
 year                 = {2005},
 }

@article{winkler1983,
 author               = {Winkler, Robert L. and Makridakis, Spyros},
 copyright            = {Copyright © 1983 Royal Statistical Society},
 issn                 = {00359238},
 journal              = {Journal of the Royal Statistical Society. Series A (General)},
 jstor_articletype    = {research-article},
 jstor_formatteddate  = {1983},
 language             = {English},
 number               = {2},
 pages                = {pp. 150-157},
 publisher            = {Wiley-Blackwell for the Royal Statistical Society},
 title                = {The combination of forecasts},
 volume               = {146},
 year                 = {1983},
 }

@article{wolpert1992,
 author               = {David H. Wolpert},
 journal              = {Neural Networks},
 pages                = {241--259},
 title                = {Stacked generalization},
 volume               = {5},
 year                 = {1992},
 }

@article{xie2009,
 author               = {W. F. Xie and Y. Q. Zhu and Z. Y. Zhao and Y. K. Wong},
 issn                 = {09252312},
 journal              = {Neurocomputing},
 pages                = {3277-3287},
 title                = {Nonlinear system identification using optimized dynamic neural network},
 volume               = {72},
 year                 = {2009},
 }

@article{yao2004,
 acmid                = {1232792},
 address              = {Amsterdam, The Netherlands, The Netherlands},
 author               = {Yao, Xin and Liu, Yong},
 issn                 = {1448-5869},
 issue_date           = {April 2004},
 journal              = {Int. J. Hybrid Intell. Syst.},
 keywords             = {evolutionary learning, fitness sharing, hybrid learning system, negative correlation learning},
 number               = {1-2},
 numpages             = {10},
 pages                = {12--21},
 publisher            = {IOS Press},
 title                = {Evolving neural network ensembles by minimization of mutual information},
 volume               = {1},
 year                 = {2004},
 }

@book{pikovsky2003,
  title={Synchronization: A Universal Concept in Nonlinear Sciences},
  author={Pikovsky, A. and Rosenblum, M. and Kurths, J.},
  isbn={9780521533522},
  lccn={2003283137},
  series={Cambridge Nonlinear Science Series},
  year={2003},
  publisher={Cambridge University Press}
}

@article{mirollo1990,
 author = {Mirollo, Renato E. and Strogatz, Steven H.},
 title = {Synchronization of pulse-coupled biological oscillators},
 journal = {SIAM J. Appl. Math.},
 issue_date = {Dec. 1990},
 volume = {50},
 number = {6},
 month = {11},
 year = {1990},
 issn = {0036-1399},
 pages = {1645--1662},
 numpages = {18},
 doi = {10.1137/0150098},
 acmid = {95570},
 publisher = {Society for Industrial and Applied Mathematics},
 address = {Philadelphia, PA, USA},
}
 
@article{winfree1967,
  title = "Biological rhythms and the behavior of populations of coupled oscillators ",
  journal = "Journal of Theoretical Biology ",
  volume = "16",
  number = "1",
  pages = "15 - 42",
  year = "1967",
  note = "",
  issn = "0022-5193",
  doi = "http://dx.doi.org/10.1016/0022-5193(67)90051-3",
  author = "Arthur T. Winfree"
}

@article{bonnin2010,
  author = {Bonnin, Michele and Corinto, Fernando and Gilli, Marco},
  doi = {10.1142/S0218127410025934},
  isbn = {9781424438969},
  issn = {0218-1274},
  journal = {International Journal of Bifurcation and Chaos in Applied Sciences and Engineering},
  keywords = {averaging technique,nonlinear oscillators,oscillatory networks,phase locking,phase models,synchronization},
  mendeley-groups = {Synchronization},
  number = {3},
  pages = {645--656},
  title = {{Phase model reduction and phase locking of coupled nonlinear oscillators}},
  volume = {20},
  year = {2010}
}

@article{bonnin2009,
  author = {Bonnin, Michele and Corinto, Fernando and Gilli, Marco},
  doi = {10.1142/S0218126610006414},
  isbn = {9781424438969},
  issn = {0218-1266},
  journal = {Journal of Circuits, Systems and Computers},
  keywords = {phase model, synchronization, averaging technique,},
  mendeley-groups = {Synchronization},
  number = {04},
  pages = {749--762},
  title = {{Phase model reduction and synchronization of periodically forced nonlinear oscillators}},
  volume = {19},
  year = {2010}
}

@book{kuramoto1984,
    address = {New York},
    author = {Kuramoto, Y.},
    keywords = {kuramoto, model, synchronisation, thesis},
    posted-at = {2009-11-09 12:17:48},
    priority = {2},
    publisher = {Springer--Verlag},
    title = {{Chemical Oscillations, Waves, and Turbulence}},
    year = {1984}
}

@article{josic2001,
author = {Josi{\'{c}}, Kre{\v{s}}imir and Mar, Douglas},
doi = {10.1103/PhysRevE.64.056234},
issn = {1063-651X},
journal = {Physical Review E},
mendeley-groups = {Synchronization},
number = {5},
pages = {1--10},
title = {{Phase synchronization of chaotic systems with small phase diffusion}},
volume = {64},
year = {2001}
}

@article{stojanovski1997,
author = {Stojanovski, Toni and Parlitz, Ulrich and Kocarev, Ljup{\v{c}}o and Harris, Richard},
doi = {10.1016/S0375-9601(97)00471-4},
issn = {03759601},
journal = {Physics Letters A},
mendeley-groups = {Synchronization},
number = {September},
pages = {355--360},
title = {{Exploiting delay reconstruction for chaos synchronisation}},
volume = {9601},
year = {1997}
}

@article{pecora1990,
  author = {Pecora, Louis and Carroll, Thomas L.},
  doi = {10.1103/PhysRevLett.64.821},
  isbn = {0031-9007},
  issn = {0031-9007},
  journal = {Physical Review Letters},
  mendeley-groups = {Synchronization},
  number = {8},
  pages = {821--824},
  pmid = {10042089},
  title = {{Synchronization in chaotic systems}},
  volume = {64},
  year = {1990}
}

@article{letellier2010,
  author = {Letellier, Christophe and Aguirre, Luis A.},
  doi = {10.1103/PhysRevE.82.016204},
  issn = {1539-3755},
  journal = {Physical Review E},
  mendeley-groups = {Synchronization},
  number = {1 Pt 2},
  pages = {016204},
  pmid = {77954519900},
  title = {{Interplay between synchronization, observability, and dynamics.}},
  volume = {82},
  year = {2010}
}

@book{huygens1673,
  title={Horologium oscillatorium: sive, De motu pendulorum ad horologia aptato demostrationes geometricae},
  author={Huygens, C.},
  year={1673},
  publisher={F. Muguet}
}

@book{lulich1937,
  title={Fluctuations in the numbers of varying hare (Lepus americanus )},
  author={Lulich, D.A.M.},
  lccn={38022317},
  series={University of Toronto studies: Biological series},
  year={1937},
  publisher={The University of Toronto press}
}


@article{boccaletti2002,
  author = {Boccaletti, S. and Kurths, J{\"{u}}rgen and Osipov, G. and Valladares, D.L. and Zhou, C.S.},
  doi = {10.1016/S0370-1573(02)00137-0},
  issn = {03701573},
  journal = {Physics Reports},
  pages = {1--101},
  title = {{The synchronization of chaotic systems}},
  volume = {366},
  year = {2002}
}

@book{anishchenko2007,
  title={Nonlinear dynamics of chaotic and stochastic systems: tutorial and modern developments},
  author={Anishchenko, V.S. and Astakhov, V. and Neiman, A. and Vadivasova, T. and Schimansky-Geier, L.},
  isbn={9783540381686},
  series={Springer Series in Synergetics},
  year={2007},
  publisher={Springer Berlin Heidelberg}
}

@book{malkin1959,
  title={Some problems in the theory of nonlinear oscillations},
  author={Malkin, I.G.},
  number={v. 1},
  series={Some Problems in the Theory of Nonlinear Oscillations},
  year={1959},
  publisher={United States Atomic Energy Commission, Technical Information Service}
}

@article{stuart1960,
  author = {Stuart,J. T.},
  title = {On the non-linear mechanics of wave disturbances in stable and unstable parallel flows Part 1. The basic behaviour in plane Poiseuille flow},
  journal = {Journal of Fluid Mechanics},
  volume = {9},
  issue = {03},
  month = {11},
  year = {1960},
  issn = {1469-7645},
  pages = {353--370},
  numpages = {18},
  doi = {10.1017/S002211206000116X},
}

@article{landau1944,
  author = {Landau, L.},
  title = {On the problem of turbulence},
  journal = {Comptes Rend. Acad. Sci. USSR},
  volume = {44},
  issue = {},
  month = {},
  year = {1944},
  pages = {311--316},
  doi = {10.1017/S002211206000116X},
}

@article{rosenblum1997,
  author = {Rosenblum, Michael and Pikovsky, Arkady and Kurths, J{\"{u}}rgen},
  doi = {10.1103/PhysRevLett.78.4193},
  issn = {0031-9007},
  journal = {Physical Review Letters},
  mendeley-groups = {Synchronization},
  number = {22},
  pages = {4193--4196},
  pmid = {222},
  title = {{From phase to lag synchronization in coupled chaotic oscillators}},
  volume = {78},
  year = {1997}
}

@article{boccaletti2000,
  author = {Boccaletti, S and Valladares, D. L.},
  doi = {10.1103/PhysRevE.62.7497},
  issn = {1063-651X},
  journal = {Physical Review E},
  mendeley-groups = {Synchronization},
  month = {11},
  number = {5},
  pages = {7497--7500},
  pmid = {11102117},
  title = {{Characterization of intermittent lag synchronization}},
  volume = {62},
  year = {2000}
}

@article{zaks1999,
  author = {Zaks, Michael A. and Park, Eun-Hyoung and Rosenblum, Michael G. and Kurths, J{\"{u}}rgen},
  doi = {10.1103/PhysRevLett.82.4228},
  issn = {0031-9007},
  journal = {Physical Review Letters},
  mendeley-groups = {Synchronization},
  month = {5},
  number = {21},
  pages = {4228--4231},
  title = {{Alternating locking ratios in imperfect phase synchronization}},
  volume = {82},
  year = {1999}
}

@article{femat1999,
  author = {Femat, Ricardo and Solís-Perales, Gualberto},
  doi = {10.1016/S0375-9601(99)00667-2},
  issn = {03759601},
  journal = {Physics Letters A},
  keywords = {chaos synchronization,feedback chaos control},
  mendeley-groups = {Synchronization},
  month = {10},
  number = {1},
  pages = {50--60},
  title = {{On the chaos synchronization phenomena}},
  volume = {262},
  year = {1999}
}

@article{ivanchenko2004,
  author = {Ivanchenko, Mikhail V and Osipov, Grigory V and Shalfeev, Vladimir D and Kurths, J{\"{u}}rgen},
  doi = {10.1016/j.physd.2003.09.035},
  issn = {01672789},
  journal = {Physica D: Nonlinear Phenomena},
  keywords = {05.45.xt},
  mendeley-groups = {Synchronization},
  number = {1-2},
  pages = {8--30},
  title = {{Synchronization of two non-scalar-coupled limit-cycle oscillators}},
  volume = {189},
  year = {2004}
}

@article{vanDerPol1927,
  author = {Van der Pol, Balth},
  title = {VII. Forced oscillations in a circuit with non-linear resistance. (Reception with reactive triode)},
  journal = {The London, Edinburgh, and Dublin Philosophical Magazine and Journal of Science},
  volume = {3},
  number = {13},
  pages = {65-80},
  year = {1927},
  doi = {10.1080/14786440108564176},
}

@article{adler1973, 
  author={Adler, Robert}, 
  journal={Proceedings of the IEEE}, 
  title={A study of locking phenomena in oscillators}, 
  year={1973}, 
  volume={61}, 
  number={10}, 
  pages={1380-1385}, 
  keywords={Bandwidth;Difference equations;Differential equations;Frequency synchronization;Harmonic distortion;Helium;Production;RLC circuits;Steady-state;Voltage-controlled oscillators}, 
  doi={10.1109/PROC.1973.9292}, 
  ISSN={0018-9219}, 
  month={10},
}

@article{guckenheimer1975,
  author = {Guckenheimer, J.},
  doi = {10.1007/BF01273747},
  issn = {0303-6812},
  journal = {Journal of Mathematical Biology},
  mendeley-groups = {Synchronization},
  month = {9},
  number = {3},
  pages = {259--273},
  title = {{Isochrons and phaseless sets}},
  volume = {1},
  year = {1975}
}

@book{osipov2007,
  address = {Berlin, Heidelberg},
  author = {Osipov, Grigory V. and Kurths, J{\"{u}}rgen and Zhou, Changsong},
  booktitle = {Magnetic Phase Transitions},
  doi = {10.1007/978-3-540-71269-5},
  isbn = {978-3-540-71268-8},
  mendeley-groups = {Synchronization},
  publisher = {Springer Berlin Heidelberg},
  series = {Springer Series in Synergetics},
  title = {{Synchronization in Oscillatory Networks}},
  year = {2007}
}

@book{bogoliubov1961,
      author        = {Bogoliubov, N. N. and Mitropolsky, Y. A.},
      title         = {Asymptotic methods in the theory of non-linear oscillations},
      publisher     = {Hindustan},
      address       = {Delhi},
      series        = {International monograph series},
      year          = {1961},
      note          = {Translated from Russian},
}

@book{nayfeh2000,
  address = {Weinheim, Germany},
  author = {Nayfeh, Ali Hasan},
  doi = {10.1002/9783527617609},
  isbn = {9783527617609},
  month = {8},
  publisher = {Wiley-VCH Verlag GmbH},
  title = {{Perturbation Methods}},
  year = {2000}
}

@book{nayfeh1995,
  address = {Weinheim, Germany},
  author = {Nayfeh, A. H. and Mook, D. T.},
  doi = {10.1002/9783527617586},
  isbn = {9783527617586},
  mendeley-groups = {Synchronization},
  month = {5},
  pages = {720},
  publisher = {Wiley-VCH Verlag GmbH},
  title = {{Nonlinear Oscillations}},
  year = {1995}
}

@book{hoppensteadt1997,
  address = {New York, NY},
  author = {Hoppensteadt, Frank C. and Izhikevich, Eugene M.},
  booktitle = {Applied Mathematical Sciences},
  doi = {10.1007/978-1-4612-1828-9},
  isbn = {978-1-4612-7302-8},
  mendeley-groups = {Synchronization},
  publisher = {Springer New York},
  series = {Applied Mathematical Sciences},
  title = {{Weakly Connected Neural Networks}},
  volume = {126},
  year = {1997}
}

@book{malkin1949,
  address = {},
  author = {Malkin, I.G.},
  booktitle = {Methods of Poincare and Liapunov in theory of non-linear oscillations},
  publisher = {Gostexizdat, Moscow},
  title = {Methods of Poincare and Liapunov in theory of non-linear oscillations},
  note = {in Russian: "Metodi Puankare i Liapunova v teorii nelineinix kolebanii"},
  volume = {},
  year = {1949}
}

@article{lopatin1995,
  author = {Lopatin, Alexey K},
  journal = {Integration The VLSI Journal},
  mendeley-groups = {Synchronization},
  title = {{Oscillations and dynamical systems: normalization procedures and averaging}},
  year = {1995}
}

@inproceedings{gilli2004,
  author = {Gilli, Marco and Corinto, Fernando},
  booktitle = {2004 IEEE International Symposium on Circuits and Systems (IEEE Cat. No.04CH37512)},
  doi = {10.1109/ISCAS.2004.1329688},
  isbn = {0-7803-8251-X},
  keywords = {cellular nonlinear networks,malkin theorem,oscillatory networks,spectral techniques,weakly connected networks},
  number = {1},
  pages = {489--492},
  publisher = {IEEE},
  title = {{On dynamic behavior of weakly connected cellular neural networks}},
  volume = {15},
  year = {2004}
}

@article{rossler1976,
  author = {R{\"{o}}ssler, O.E.},
  doi = {10.1016/0375-9601(76)90101-8},
  issn = {03759601},
  journal = {Physics Letters A},
  mendeley-groups = {Synchronization},
  month = {7},
  number = {5},
  pages = {397--398},
  title = {{An equation for continuous chaos}},
  volume = {57},
  year = {1976}
}

@article{beck2003,
  author = {Beck, Margaret and Josi{\'{c}}, Kresimir},
  doi = {10.1063/1.1505812},
  issn = {1054-1500},
  journal = {Chaos (Woodbury, N.Y.)},
  keywords = {Models, Theoretical,Nonlinear Dynamics,Oscillometry,Statistics as Topic,Time Factors},
  mendeley-groups = {Synchronization},
  number = {1},
  pages = {247--58},
  pmid = {12675431},
  title = {{A geometric theory of chaotic phase synchronization.}},
  volume = {13},
  year = {2003}
}

@article{schwabedal2012,
  author = {Schwabedal, Justus T C and Pikovsky, Arkady and Kralemann, Bj{\"{o}}rn and Rosenblum, Michael},
  doi = {10.1103/PhysRevE.85.026216},
  issn = {15393755},
  journal = {Physical Review E},
  mendeley-groups = {Synchronization},
  number = {2},
  pages = {1--10},
  title = {{Optimal phase description of chaotic oscillators}},
  volume = {85},
  year = {2012}
}

@article{belykh2005,
  author = {Belykh, Vladimir N. and Osipov, Grigory V. and Kuckl{\"{a}}nder, Nina and Blasius, Bernd and Kurths, J{\"{u}}rgen},
  doi = {10.1016/j.physd.2004.10.008},
  issn = {01672789},
  journal = {Physica D: Nonlinear Phenomena},
  keywords = {Feedback control,Phase locked loops,Phase synchronization},
  number = {1-2},
  pages = {81--104},
  title = {{Automatic control of phase synchronization in coupled complex oscillators}},
  volume = {200},
  year = {2005}
}

@article{pikovsky1997,
  author = {Pikovsky, Arkady and Zaks, Michael and Rosenblum, Michael and Osipov, Grigory and Kurths, Jurgen},
  doi = {10.1063/1.166265},
  issn = {1089-7682},
  journal = {Chaos (Woodbury, N.Y.)},
  keywords = {tabela},
  number = {4},
  pages = {680--687},
  pmid = {12779693},
  title = {{Phase synchronization of chaotic oscillations in terms of periodic orbits.}},
  volume = {7},
  year = {1997}
}


@article{pikovsky1997b,
  author = {Pikovsky, Arkady S. and Rosenblum, Michael G. and Osipov, Grigory V. and Kurths, J{\"{u}}rgen},
  doi = {10.1016/S0167-2789(96)00301-6},
  issn = {01672789},
  journal = {Physica D: Nonlinear Phenomena},
  number = {3-4},
  pages = {219--238},
  pmid = {219},
  title = {{Phase synchronization of chaotic oscillators by external driving}},
  volume = {104},
  year = {1997}
}

@article{rosenblum2003,
  author = {Rosenblum, M and Pikovsky, A and Kurths, J and Schafer, C and Tass, P a},
  journal = {Handbook of Biological Physics},
  number = {August 2001},
  pages = {279--321},
  title = {{Phase synchronization: from theory to data analysis}},
  volume = {4},
  year = {2003}
}

@article{osipov2003,
  author = {Osipov, Grigory V and Hu, Bambi and Zhou, Changsong and Ivanchenko, Mikhail V and Kurths, J{\"{u}}rgen},
  doi = {10.1103/PhysRevLett.91.024101},
  issn = {0031-9007},
  journal = {Physical Review Letters},
  keywords = {phase definition,tabela},
  month = {7},
  number = {2},
  pages = {024101},
  title = {{Three types of transitions to phase synchronization in coupled chaotic oscillators}},
  volume = {91},
  year = {2003}
}

@article{blasius2000,
  author = {Blasius, Bernd and Stone, Lewi},
  doi = {10.1142/S0218127400001511},
  issn = {0218-1274},
  journal = {International Journal of Bifurcation and Chaos},
  number = {10},
  pages = {2361--2380},
  title = {{Chaos and phase synchronization in ecological systems}},
  volume = {10},
  year = {2000}
}

@article{pereira2007,
  author = {Pereira, T. and Baptista, M. S. and Kurths, J.},
  doi = {10.1103/PhysRevE.75.026216},
  issn = {15393755},
  journal = {Physical Review E},
  month = {2},
  number = {2},
  pages = {026216},
  pmid = {19},
  title = {{General framework for phase synchronization through localized sets}},
  volume = {75},
  year = {2007}
}

@article{suprunenko2014,
  author = {Suprunenko, Yevhen F. and Clemson, Philip T. and Stefanovska, Aneta},
  doi = {10.1103/PhysRevE.89.012922},
  issn = {15393755},
  journal = {Physical Review E},
  keywords = {chronotaxic systems},
  month = {1},
  number = {1},
  pages = {012922},
  title = {{Chronotaxic systems with separable amplitude and phase dynamics}},
  volume = {89},
  year = {2014}
}

@article{hramov2015,
  author = {Hramov, Alexander E. and Koronovskii, Alexey A. and Kurovskaya, Maria K. and Moskalenko, Olga I.},
  doi = {10.1016/j.chaos.2015.07.016},
  issn = {09600779},
  journal = {Chaos, Solitons {\&} Fractals},
  pages = {118--123},
  publisher = {Elsevier Ltd.},
  title = {{Analytical expression for zero Lyapunov exponent of chaotic noised oscillators}},
  volume = {78},
  year = {2015}
}

@article{schwabedal2010a,
  author = {Schwabedal, J. T C and Pikovsky, A.},
  doi = {10.1140/epjst/e2010-01271-6},
  eprint = {1006.3173},
  issn = {19516355},
  journal = {European Physical Journal: Special Topics},
  number = {1},
  pages = {63--76},
  title = {{Effective phase description of noise-perturbed and noise-induced oscillations}},
  volume = {187},
  year = {2010}
}

@article{clemson2014,
  author = {Clemson, Philip T. and Stefanovska, Aneta},
  doi = {10.1016/j.physrep.2014.04.001},
  issn = {03701573},
  journal = {Physics Reports},
  keywords = {Complex systems,Inverse approach,Non-autonomous systems,Nonlinear dynamics,Time series analysis,lorenz,poincar{\'{e}} system,review},
  number = {4},
  pages = {297--368},
  publisher = {Elsevier B.V.},
  title = {{Discerning non-autonomous dynamics}},
  volume = {542},
  year = {2014}
}

@article{follmann2013,
  author = {Follmann, Rosangela and Rosa, Epaminondas and Macau, Elbert E. N. and Piqueira, Jos{\'{e}} Roberto Castilho},
  doi = {10.1142/S0218127413501794},
  isbn = {0218127413},
  issn = {0218-1274},
  journal = {International Journal of Bifurcation and Chaos},
  keywords = {chua,circuit,least-square analysis,multiple scroll attractors,ossler oscillator,phase detection,phase synchronization,r},
  number = {11},
  pages = {1350179},
  title = {{Identifying phase synchronous regimes in non-coherent and multiple scroll attractor systems}},
  volume = {23},
  year = {2013}
}

@article{zou2012,
  author = {Zou, Yong and Donner, Reik V. and Kurths, J{\"{u}}rgen},
  doi = {10.1063/1.3677367},
  issn = {10541500},
  journal = {Chaos},
  number = {1},
  pmid = {22462991},
  title = {{Geometric and dynamic perspectives on phase-coherent and noncoherent chaos}},
  volume = {22},
  year = {2012}
}

@article{zou2012b,
  author = {Zou, Yong and Donner, Reik V and Wickramasinghe, Mahesh and Kiss, Istv{\'{a}}n Z and Small, Michael and Kurths, Jurgen},
  doi = {10.1063/1.4747707},
  journal = {Chaos},
  number = {3},
  pages = {033130},
  title = {{Phase coherence and attractor geometry of chaotic electrochemical oscillators}},
  volume = {22},
  year = {2012}
}



@article{follmann2009,
  author = {Follmann, Rosangela and Macau, Elbert E. N. and Rosa, Epaminondas},
  doi = {10.1016/j.physleta.2009.04.037},
  issn = {03759601},
  journal = {Physics Letters A},
  number = {25},
  pages = {2146--2153},
  publisher = {Elsevier B.V.},
  title = {{Detecting phase synchronization between coupled non-phase-coherent oscillators}},
  volume = {373},
  year = {2009}
}

@article{haken1983,
  title = {At least one Lyapunov exponent vanishes if the trajectory of an attractor does not contain a fixed point},
  journal = {Physics Letters A},
  volume = {94},
  number = {2},
  pages = {71 - 72},
  year = {1983},
  issn = {0375-9601},
  doi = {http://dx.doi.org/10.1016/0375-9601(83)90209-8},
  author = {H. Haken},
}

@article{yalcnkaya1997,
  author = {Yal{\c{c}}inkaya, Tolga and Lai, Ying-Cheng},
  doi = {10.1103/PhysRevLett.79.3885},
  issn = {0031-9007},
  journal = {Physical Review Letters},
  month = {11},
  number = {20},
  pages = {3885--3888},
  pmid = {119},
  title = {Phase characterization of chaos},
  volume = {79},
  year = {1997}
}

@article{zheng2014,
  author = {Zheng, Yang and Wang, Gang and Li, Kuo and Bao, Gang and Wang, Jue},
  doi = {10.1016/j.clinph.2013.09.047},
  issn = {1872-8952},
  journal = {Clinical Neurophysiology},
  number = {6},
  pages = {1104--11},
  pmid = {24296277},
  publisher = {International Federation of Clinical Neurophysiology},
  title = {{Epileptic seizure prediction using phase synchronization based on bivariate empirical mode decomposition.}},
  volume = {125},
  year = {2014}
}

@article{LeVanQuyen2001,
  author = {{Le Van Quyen}, M and Foucher, J and Lachaux, J and Rodriguez, E and Lutz, a and Martinerie, J and Varela, F J},
  doi = {http://dx.doi.org/10.1016/S0165-0270(01)00372-7},
  issn = {0165-0270},
  journal = {Journal of Neuroscience Methods},
  number = {2},
  pages = {83--98},
  pmid = {11595276},
  title = {{Comparison of Hilbert transform and wavelet methods for the analysis of neuronal synchrony.}},
  volume = {111},
  year = {2001}
}

@article{romano2005,
  author = {Romano, M. C and Thiel, M and Kurths, J and Kiss, I. Z and Hudson, J. L},
  doi = {10.1209/epl/i2005-10095-1},
  isbn = {2005100951},
  issn = {0295-5075},
  journal = {Europhysics Letters (EPL)},
  keywords = {phase detection},
  number = {3},
  pages = {466--472},
  pmid = {231108800020},
  title = {{Detection of synchronization for non-phase-coherent and non-stationary data}},
  volume = {71},
  year = {2005}
}

@article{follmann2011,
  author = {Follmann, Rosangela and Macau, Elbert E. N. and Rosa, Epaminondas},
  doi = {10.1103/PhysRevE.83.016209},
  issn = {1539-3755},
  journal = {Physical Review E},
  number = {1},
  pages = {016209},
  title = {{Phase detection of chaos}},
  volume = {83},
  year = {2011}
}

@article{hramov2005,
  author = {Hramov, Alexander E. and Koronovskii, Alexey A.},
  doi = {10.1016/j.physd.2005.05.008},
  issn = {01672789},
  journal = {Physica D: Nonlinear Phenomena},
  keywords = {Chaotic oscillators,Continuous wavelet transform,Dynamical system,Synchronization,Time scale},
  number = {3-4},
  pages = {252--264},
  title = {{Time scale synchronization of chaotic oscillators}},
  volume = {206},
  year = {2005}
}

@phdthesis{ferreira2014,
  author = {Ferreira, Maria Teodora},
  school = {INPE},
  mendeley-groups = {Synchronization},
  pages = {204},
  title = {{Detec{\c{c}}{\~{a}}o da Sincroniza{\c{c}}{\~{a}}o de Fase em Sistemas Ca{\'{o}}ticos por Meio da Transformada Wavelet Complexa Dual-tree}},
  year = {2014}
}


@article{ferreira2015,
  author = {Ferreira, Maria Teodora and {N{\'{o}}brega Freitas}, Celso Bernardo and Domingues, Margarete O. and Macau, Elbert E. N.},
  doi = {10.1063/1.4906814},
  issn = {1054-1500},
  journal = {Chaos: An Interdisciplinary Journal of Nonlinear Science},
  month = {1},
  number = {1},
  pages = {013117},
  title = {{The discrete complex wavelet approach to phase assignment and a new test bed for related methods}},
  volume = {25},
  year = {2015}
}

@inproceedings{ferreira2016,
  author = {Ferreira, Maria Teodora and Domingues, Margarete O. and Macau, Elbert E. N.},
  booktitle = {Proceeding Series of the Brazilian Society of Computational and Applied Mathematics},
  doi = {10.5540/03.2016.004.01.0047},
  keywords = {chaos,phase synchronization,synchronization in chaotic systems,wavelet},
  month = {8},
  pages = {1--7},
  title = {{Detecting phase synchronization in chaotic non-coherent R{\"{o}}ssler systems using Discrete Complex Wavelet Approach (DCWA): preliminaries results}},
  volume = {4},
  year = {2016}
}

@article{chen2001,
  author = {Chen, J Y and Wong, K W and Shuai, J W},
  doi = {10.1016/S0375-9601(01)00367-X},
  issn = {03759601},
  journal = {Physics Letters, Section A: General, Atomic and Solid State Physics},
  keywords = {Chaos,Diffusion constant,Phase locking,Synchronization},
  mendeley-groups = {Synchronization},
  number = {5-6},
  pages = {312--318},
  title = {{Properties of phase locking with weak phase-coherent attractors}},
  volume = {285},
  year = {2001}
}

@article{park1999,
  author = {Park, E H and Zaks, M a and Kurths, J},
  doi = {10.1103/PhysRevE.60.6627},
  issn = {1063-651X},
  journal = {Physical Review E},
  mendeley-groups = {Synchronization},
  mendeley-tags = {tabela},
  number = {6 Pt A},
  pages = {6627--38},
  pmid = {11970583},
  title = {{Phase synchronization in the forced Lorenz system.}},
  volume = {60},
  year = {1999}
}

@article{bruns2004,
  author = {Bruns, Andreas},
  doi = {10.1016/j.jneumeth.2004.03.002},
  issn = {01650270},
  journal = {Journal of Neuroscience Methods},
  keywords = {amplitude,analytic signal,coherence,envelope correlation,frequency analysis,phase,phase synchrony,spectral analysis,time},
  month = {8},
  number = {2},
  pages = {321--332},
  title = {{Fourier-, Hilbert- and wavelet-based signal analysis: are they really different approaches?}},
  volume = {137},
  year = {2004}
}

@article{kurths2006,
  author = {Kurths, J{\"{u}}rgen and Romano, M. Carmen and Thiel, Marco and Osipov, Grigory V. and Ivanchenko, Mikhail V and Kiss, Istv{\'{a}}n Z. and Hudson, John L.},
  doi = {10.1007/s11071-006-1957-x},
  issn = {0924-090X},
  journal = {Nonlinear Dynamics},
  month = {6},
  number = {1-4},
  pages = {135--149},
  title = {{Synchronization analysis of coupled noncoherent oscillators}},
  volume = {44},
  year = {2006}
}

@article{koronovski2005,
  author = {A. A. Koronovskii, M. K. Kurovskaya, A. E. Hramov},
  doi = {10.1134/1.2121835},
  issn = {10637850},
  journal = {Technical Physics Letters},
  number = {10},
  pages = {847},
  title = {{Relationship between phase synchronization of chaotic oscillators and time scale synchronization}},
  volume = {31},
  year = {2005}
}

@article{marwan2007,
  author = {Marwan, Norbert and Romano, M Carmen and Thiel, Marco and Kurths, J{\"{u}}rgen},
  doi = {10.1016/j.physrep.2006.11.001},
  issn = {03701573},
  journal = {Physics Reports},
  keywords = {data analysis,nonlinear dynamics,recurrence plot},
  month = {1},
  number = {5-6},
  pages = {237--329},
  title = {{Recurrence plots for the analysis of complex systems}},
  volume = {438},
  year = {2007}
}

@article{stone1992,
  author = {Stone, Emily F.},
  doi = {10.1016/0375-9601(92)90841-9},
  issn = {03759601},
  journal = {Physics Letters A},
  keywords = {rossler},
  number = {5-6},
  pages = {367--374},
  title = {{Frequency entrainment of a phase coherent attractor}},
  volume = {163},
  year = {1992}
}

@article{rosenblum1996,
  author = {Rosenblum, M G and Pikovsky, a S and Kurths, J},
  doi = {10.1103/PhysRevLett.76.1804},
  issn = {1079-7114},
  journal = {Physical Review Letters},
  keywords = {hilbert,tabela},
  number = {11},
  pages = {1804--1807},
  pmid = {10060525},
  title = {{Phase synchronization of chaotic oscillators}},
  volume = {76},
  year = {1996}
}

@article{quiroga2002,
  author = {{Quian Quiroga}, R. and Kraskov, A and Kreuz, T and Grassberger, P},
  doi = {10.1103/PhysRevE.65.041903},
  issn = {1063-651X},
  journal = {Physical Review E},
  month = {3},
  number = {4},
  pages = {041903},
  title = {{Performance of different synchronization measures in real data: A case study on electroencephalographic signals}},
  volume = {65},
  year = {2002}
}

@article{pikovsky2000,
  author = {Pikovsky, Arkady S. and Rosenblum, Michael G. and Kurths, J{\"{u}}rgen},
  doi = {10.1142/S0218127400001481},
  issn = {0218-1274},
  journal = {International Journal of Bifurcation and Chaos},
  month = {10},
  number = {10},
  pages = {2291--2305},
  title = {Phase synchronization in regular and chaotic systems},
  volume = {10},
  year = {2000}
}

@article{liu2009,
  author = {Liu, Z and Zhou, J},
  doi = {10.1209/0295-5075/87/50002},
  issn = {0295-5075},
  journal = {Europhysics Letters (EPL)},
  keywords = {curvatura},
  pages = {50002 p1--p6},
  title = {{Detecting generalized synchronization by the generalized angle}},
  volume = {87},
  year = {2009}
}

@article{pereira2007b,
  author = {Pereira, T. and Baptista, M. S. and Kurths, J.},
  doi = {10.1016/j.physleta.2006.09.099},
  issn = {03759601},
  journal = {Physics Letters A},
  month = {2},
  number = {2-3},
  pages = {159--165},
  title = {{Phase and average period of chaotic oscillators}},
  volume = {362},
  year = {2007}
}

@article{hermann1977,
  author = {Hermann, R. and Krener, A.},
  doi = {10.1109/TAC.1977.1101601},
  issn = {0018-9286},
  journal = {IEEE Transactions on Automatic Control},
  month = {10},
  number = {5},
  pages = {728--740},
  title = {{Nonlinear controllability and observability}},
  volume = {22},
  year = {1977}
}

@article{lorenz1963,
  author = {Lorenz, Edward N.},
  doi = {10.1175/1520-0469(1963)020<0130:DNF>2.0.CO;2},
  issn = {0022-4928},
  journal = {Journal of the Atmospheric Sciences},
  month = {3},
  number = {2},
  pages = {130--141},
  pmid = {20394051},
  title = {{Deterministic nonperiodic flow}},
  volume = {20},
  year = {1963}
}

@article{letellier2000,
  author = {Letellier, Christophe and Gilmore, Robert},
  doi = {10.1103/PhysRevE.63.016206},
  issn = {1063-651X},
  journal = {Physical Review E},
  month = {12},
  number = {1},
  pages = {016206},
  title = {{Covering dynamical systems: twofold covers}},
  volume = {63},
  year = {2000}
}

@article{miranda1993,
  author = {Miranda, Rick and Stone, Emily},
  doi = {10.1016/0375-9601(93)90735-I},
  issn = {03759601},
  journal = {Physics Letters A},
  month = {7},
  number = {1-2},
  pages = {105--113},
  title = {{The proto-Lorenz system}},
  volume = {178},
  year = {1993}
}

@article{aguirre2011,
  author = {Aguirre, Luis A. and Letellier, Christophe},
  doi = {10.1103/PhysRevE.83.066209},
  issn = {1539-3755},
  journal = {Physical Review E},
  month = {6},
  number = {6},
  pages = {066209},
  pmid = {21797463},
  title = {{Investigating observability properties from data in nonlinear dynamics}},
  volume = {83},
  year = {2011}
}

@article{lorenz1984,
  author = {Lorenz, Edward N.},
  doi = {10.1111/j.1600-0870.1984.tb00230.x},
  issn = {02806495},
  journal = {Tellus A},
  month = {3},
  number = {2},
  pages = {98--110},
  title = {{Irregularity: a fundamental property of the atmosphere}},
  volume = {36A},
  year = {1984}
}

@article{madan1993,
  author = {Madan, Rabinder N},
  doi = {10.1142/9789812798855},
  editor = {Madan, Rabinder N.},
  isbn = {9789812798855},
  journal = {World Scientific Series on Nonlinear Science},
  publisher = {World Scientific Publishing Co. Pte. Ltd.},
  series = {World Scientific Series on Nonlinear Science Series B},
  title = {{Chua's circuit: a Paradigm for chaos}},
  volume = {1},
  year = {1993}
}

@article{aguirre2016,
  author = {Aguirre, Luis A. and Letellier, Christophe},
  doi = {10.1016/j.chaos.2015.12.009},
  issn = {09600779},
  journal = {Chaos, Solitons and Fractals},
  keywords = {Controllability,Nonlinear dynamics,Observability,Synchronization},
  pages = {242--251},
  publisher = {Elsevier Ltd},
  title = {{Controllability and synchronizability: are they related?}},
  volume = {83},
  year = {2016}
}

@article{kerfourn2012,
  author = {Kerfourn, Adrien and Laval, Laurent and Letellier, Christophe},
  doi = {10.1051/matecconf/20120107001},
  issn = {2261-236X},
  journal = {MATEC Web of Conferences},
  pages = {07001},
  title = {{Relation between synchronization of a ring of coupled R{\"{o}}ssler systems and observability}},
  volume = {1},
  year = {2012}
}

@book{khalil2002,
   title = {Nonlinear systems},
   author = {Khalil, Hassan K.},
   publisher = {Prentice Hall},
   address = {Upper Saddle River (New Jersey)},
   isbn = {0-13-067389-7},
   year = {2002}
}

@book{nijmeijer1990,
   title = {Nonlinear dynamical control systems},
   author = {Nijmeijer, Henk and Schaft, Arjan Van Der},
   publisher = {Springer-Verlag},
   address = {New York, Berlin, Heidelberg},
   isbn = {3-540-97234-X},
   year = {1990}
}

@book{vidyasagar1993,
   title = {Nonlinear systems analysis},
   author = {Vidyasagar, Mathukumalli},
   publisher = {Prentice Hall},
   address = {Englewood Cliffs (New Jersey)},
   isbn = {0-13-623463-1},
   year = {1993}
}

@article{dorfler2014,
  author = {D{\"{o}}rfler, Florian and Bullo, Francesco},
  doi = {10.1016/j.automatica.2014.04.012},
  issn = {00051098},
  journal = {Automatica},
  keywords = {Complex networks,Coupled oscillators,Kuramoto model,Nonlinear analysis,Synchronization},
  number = {6},
  pages = {1539--1564},
  title = {{Synchronization in complex networks of phase oscillators: a survey}},
  volume = {50},
  year = {2014}
}


@article{strogatz2000,
  author = {Strogatz, Steven H.},
  doi = {10.1016/S0167-2789(00)00094-4},
  isbn = {978-0-333-78676-5},
  issn = {01672789},
  journal = {Physica D: Nonlinear Phenomena},
  keywords = {coupled oscillators,kinetic theory,kuramoto model,plasma physics,review},
  number = {1-4},
  pages = {1--20},
  pmid = {1000172854},
  title = {{From Kuramoto to Crawford: exploring the onset of synchronization in populations of coupled oscillators}},
  volume = {143},
  year = {2000}
}

@article{acebron2005,
  author = {Acebr{\'{o}}n, Juan A. and Bonilla, L. L. and Vicente, Conrad J P{\'{e}}rez and Ritort, F{\'{e}}lix and Spigler, Renato},
  doi = {10.1103/RevModPhys.77.137},
  issn = {00346861},
  journal = {Reviews of Modern Physics},
  number = {1},
  pages = {137--185},
  pmid = {229544100003},
  title = {{The Kuramoto model: A simple paradigm for synchronization phenomena}},
  volume = {77},
  year = {2005}
}

@article{letellier2009,
  author = {Letellier, Christophe and Gilmore, Robert},
  doi = {10.1088/1751-8113/42/1/015101},
  issn = {1751-8113},
  journal = {Journal of Physics A: Mathematical and Theoretical},
  month = {1},
  number = {1},
  pages = {015101},
  title = {{Poincar{\'{e}} sections for a new three-dimensional toroidal attractor}},
  volume = {42},
  year = {2009}
}

@article{ferrari2015,
  author = {Ferrari, F. A S and Viana, R. L. and Lopes, S. R. and Stoop, R.},
  doi = {10.1016/j.neunet.2015.03.003},
  issn = {18792782},
  journal = {Neural Networks},
  keywords = {Bursting neurons,Complex networks,Kuramoto model,Neuronal networks,Rulkov model,Synchronization},
  pages = {107--118},
  pmid = {25828961},
  publisher = {Elsevier Ltd},
  title = {{Phase synchronization of coupled bursting neurons and the generalized Kuramoto model}},
  volume = {66},
  year = {2015}
}

@article{nijmeijer2001,
  author = {Nijmeijer, H.},
  doi = {10.1016/S0167-2789(01)00251-2},
  issn = {01672789},
  journal = {Physica D: Nonlinear Phenomena},
  keywords = {Chaos control,Dynamics,Synchronization,Uncertainty},
  number = {3-4},
  pages = {219--228},
  title = {{A dynamical control view on synchronization}},
  volume = {154},
  year = {2001}
}

@article{andrade2000,
  author = {Andrade, Victor and Davidchack, Ruslan L. and Lai, Ying-Cheng},
  doi = {10.1103/PhysRevE.61.3230},
  issn = {1063-651X},
  journal = {Physical Review E},
  month = {3},
  number = {3},
  pages = {3230--3233},
  title = {{Noise scaling of phase synchronization of chaos}},
  volume = {61},
  year = {2000}
}

@article{oh2014,
  author = {Oh, Jeseung and Reischmann, Elizabeth and Rial, Jos{\'{e}} A.},
  doi = {10.1016/j.quascirev.2013.10.025},
  issn = {02773791},
  journal = {Quaternary Science Reviews},
  keywords = {Climate modeling,Climate synchronization,Non-linear coupling,Non-linear oscillator,Paleoclimate,Polar climate,Polar synchronization},
  month = {1},
  pages = {129--142},
  publisher = {Elsevier Ltd},
  title = {{Polar synchronization and the synchronized climatic history of Greenland and Antarctica}},
  volume = {83},
  year = {2014}
}

@article{zlotnik2013,
  author = {Zlotnik, Anatoly and Chen, Yifei and Kiss, Istv{\'{a}}n Z. and Tanaka, Hisa-Aki and Li, Jr-Shin},
  doi = {10.1103/PhysRevLett.111.024102},
  issn = {0031-9007},
  journal = {Physical Review Letters},
  month = {7},
  number = {2},
  pages = {024102},
  pmid = {84880082887},
  title = {{Optimal waveform for fast entrainment of weakly forced nonlinear oscillators}},
  volume = {111},
  year = {2013}
}

@article{harada2010,
  author = {Harada, Takahiro and Tanaka, Hisa Aki and Hankins, Michael J and Kiss, Istv{\'{a}}n Z.},
  doi = {10.1103/PhysRevLett.105.088301},
  eprint = {1007.4262},
  issn = {00319007},
  journal = {Physical Review Letters},
  month = {8},
  number = {8},
  pages = {088301},
  pmid = {20868133},
  title = {{Optimal waveform for the entrainment of a weakly forced oscillator}},
  volume = {105},
  year = {2010}
}

@book{kirk1970,
    author = {Kirk, Donald E.},
    day = {30},
    howpublished = {Paperback},
    isbn = {0486434842},
    month = {4},
    posted-at = {2009-04-30 11:34:00},
    priority = {2},
    publisher = {Prentice-Hall},
    title = {Optimal control theory; an introduction},
    year = {1970}
}

@book{spivak1999,
  author={Spivak, M.},
  title={A Comprehensive Introduction to Differential Geometry},
  publisher={Publish or Perish, Incorporated},
  volume   = {1},
  edition  = {3rd ed.},
  isbn={978-0914098706},
  lccn={lc73076372},
  year = {1999},
  month = {1}
}

@article{torres2015,
  author = {Torres, Leonardo A. B. and Hespanha, Jo{\{}$\backslash${\~{}}a{\}}o P. and Moehlis, Jeff},
  doi = {10.1109/TAC.2015.2418400},
  issn = {0018-9286},
  journal = {IEEE Transactions on Automatic Control},
  month = {12},
  number = {12},
  pages = {3226--3241},
  title = {{Synchronization of identical oscillators coupled through a symmetric network with dynamics: a constructive approach with applications to parallel operation of inverters}},
  volume = {60},
  year = {2015}
}

@article{torres2004,
  author = {T{\^{o}}rres, Leonardo A.B. and Aguirre, Luis A.},
  doi = {10.1016/j.physd.2004.06.006},
  issn = {01672789},
  journal = {Physica D: Nonlinear Phenomena},
  keywords = {Chaos,Control theory,Information transmission,Nonlinear oscillators},
  month = {9},
  number = {3-4},
  pages = {387--406},
  title = {{Transmitting information by controlling nonlinear oscillators}},
  volume = {196},
  year = {2004}
}







